@article{gisaid,
	Author = {Shu, Yuelong and McCauley, John},
	Date-Added = {2019-09-29 16:02:44 +0000},
	Date-Modified = {2019-09-29 16:02:55 +0000},
	Journal = {Eurosurveillance},
	Number = {13},
	Title = {GISAID: Global initiative on sharing all influenza data -- from vision to reality},
	Volume = {22},
	Year = {2017}}

@article{scipy,
	title = {{SciPy} 1.0: fundamental algorithms for scientific computing in {Python}},
	volume = {17},
	copyright = {2020 The Author(s)},
	issn = {1548-7105},
	shorttitle = {{SciPy} 1.0},
	url = {https://www.nature.com/articles/s41592-019-0686-2},
	doi = {10.1038/s41592-019-0686-2},
	language = {en},
	number = {3},
	urldate = {2020-08-04},
	journal = {Nature Methods},
	author = {Virtanen, Pauli and Gommers, Ralf and Oliphant, Travis E. and Haberland, Matt and Reddy, Tyler and Cournapeau, David and Burovski, Evgeni and Peterson, Pearu and Weckesser, Warren and Bright, Jonathan and van der Walt, Stéfan J. and Brett, Matthew and Wilson, Joshua and Millman, K. Jarrod and Mayorov, Nikolay and Nelson, Andrew R. J. and Jones, Eric and Kern, Robert and Larson, Eric and Carey, C. J. and Polat, İlhan and Feng, Yu and Moore, Eric W. and VanderPlas, Jake and Laxalde, Denis and Perktold, Josef and Cimrman, Robert and Henriksen, Ian and Quintero, E. A. and Harris, Charles R. and Archibald, Anne M. and Ribeiro, Antônio H. and Pedregosa, Fabian and van Mulbregt, Paul},
	month = mar,
	year = {2020},
	note = {Number: 3
Publisher: Nature Publishing Group},
	pages = {261--272}
}
